<?xml version = "1.0" encoding = "UTF-8"?><OAI-PMH xmlns="http://www.openarchives.org/OAI/2.0/" xmlns:xsi="http://www.w3.org/2001/XMLSchema-instance" xsi:schemaLocation="http://www.openarchives.org/OAI/2.0/ http://www.openarchives.org/OAI/2.0/OAI-PMH.xsd"><ListRecords><record><header><identifier>aleph-publish:015486922</identifier></header><metadata><record xmlns="http://www.ddb.de/professionell/mabxml/mabxml-1.xsd"><leader>00000nM2.01200024------h</leader><controlfield tag="LDR">00000nM2.01200024------h</controlfield><controlfield tag="FMT">MH</controlfield><datafield tag="001" ind1="-" ind2="1"><subfield code="a">HT014898888</subfield></datafield><datafield tag="002" ind1="a" ind2="1"><subfield code="a">20061103</subfield></datafield><datafield tag="003" ind1="-" ind2="1"><subfield code="a">20210408220354.0</subfield></datafield><datafield tag="020" ind1="a" ind2="1"><subfield code="a">2257162-0</subfield><subfield code="b">DNB</subfield></datafield><datafield tag="025" ind1="o" ind2="1"><subfield code="a">315753973</subfield></datafield><datafield tag="025" ind1="a" ind2="1"><subfield code="a">981785794</subfield></datafield><datafield tag="025" ind1="z" ind2="1"><subfield code="a">2257162-0</subfield></datafield><datafield tag="026" ind1="-" ind2="1"><subfield code="a">ZDB2257162-0</subfield></datafield><controlfield tag="030">a||u|||||||37</controlfield><datafield tag="036" ind1="a" ind2="1"><subfield code="a">XA-DE</subfield></datafield><datafield tag="037" ind1="b" ind2="1"><subfield code="a">ger</subfield></datafield><controlfield tag="050">a|a|||||||||||</controlfield><controlfield tag="052">p||||||t|||||||</controlfield><datafield tag="070" ind1="-" ind2="1"><subfield code="a">0006</subfield></datafield><datafield tag="070" ind1="a" ind2="1"><subfield code="a">DNB</subfield></datafield><datafield tag="070" ind1="b" ind2="1"><subfield code="a">9999</subfield></datafield><datafield tag="200" ind1="b" ind2="1"><subfield code="g">Ennepe-Ruhr-Kreis</subfield><subfield code="9">(DE-588)4014819-1</subfield></datafield><datafield tag="201" ind1="-" ind2="1"><subfield code="k">Ennepe-Ruhr-Kreis</subfield><subfield code="b">Kreisausschuß</subfield></datafield><datafield tag="201" ind1="-" ind2="1"><subfield code="k">Kreisausschuß</subfield><subfield code="h">Ennepe-Ruhr-Kreis</subfield></datafield><datafield tag="201" ind1="-" ind2="1"><subfield code="k">Ennepe-Ruhr-Kreis</subfield><subfield code="b">Kreisverwaltung</subfield></datafield><datafield tag="201" ind1="-" ind2="1"><subfield code="k">Kreisverwaltung</subfield><subfield code="h">Ennepe-Ruhr-Kreis</subfield></datafield><datafield tag="331" ind1="-" ind2="1"><subfield code="a">Hefte zur Geschichte von Ennepetal-Voerde</subfield></datafield><datafield tag="405" ind1="-" ind2="1"><subfield code="a">H. 1.1950 - 6.1954[?]</subfield></datafield><datafield tag="406" ind1="a" ind2="1"><subfield code="j">1950</subfield><subfield code="k">1954</subfield></datafield><datafield tag="419" ind1="-" ind2="1"><subfield code="a">[Schwelm]</subfield><subfield code="c">1950-1954</subfield><subfield code="A">3</subfield></datafield><datafield tag="425" ind1="b" ind2="1"><subfield code="a">1950</subfield></datafield><datafield tag="425" ind1="c" ind2="1"><subfield code="a">1954</subfield></datafield><datafield tag="700" ind1="-" ind2="1"><subfield code="a">060</subfield><subfield code="2">ZDB</subfield></datafield><controlfield tag="SYS">015486922</controlfield><datafield tag="LOW" ind1="-" ind2="1"><subfield code="a">M1220</subfield></datafield><datafield tag="088" ind1=" " ind2=" "><subfield code="a">6/139a</subfield><subfield code="c">Z 728</subfield><subfield code="d">1.1950 - 6.1954</subfield></datafield><datafield tag="200" ind1=" " ind2="9"><subfield code="0">1</subfield><subfield code="b">1.1950 - 6.1954</subfield><subfield code="f">Z 728</subfield><subfield code="2">M1220</subfield></datafield></record></metadata></record></ListRecords></OAI-PMH>